@Comment А вот так оформляется библиография при помощи BibTeX.

@misc{bd,
  title = "Реляционная база данных и ее особенности.",
  url = "http://www.yaklass.ru/materiali?chtid=511&mode=cht",
   note = "[Online; accessed 08-June-2016]"
}
@misc{RBD,
  title = "Реляционная база данных и ее особенности.",
  url = "http://citforum.ru/database/osbd/glava_16.shtml",
   note = "[Online; accessed 08-June-2016]"
}


@misc{Kling,
  title = "Обработка текстов на естественном языке.",
  url = "http://www.osp.ru/os/2003/12/183694/",
   note = "[Online; accessed 08-June-2016]"
}
@misc{semnet,
  title = "Cемантические сети.",
  url = "http://www.habarov.spb.ru/bz/bz05.htm",
   note = "[Online; accessed 08-June-2016]"
}

@misc{HG,
  title = "HyperGraphDB — база данных на основе графов.",
  url = "https://habrahabr.ru/post/82171/",
   note = "[Online; accessed 08-June-2016]"
}

@misc{Nivre,
  title = "An efficient algorithm for projective dependecy parsing.",
  url = "https://stp.lingfil.uu.se/~nivre/docs/iwpt03.pdf",
   note = "[Online; accessed 01-June-2017]"
}
@misc{Covington,
  title = "A Fundamental Algorithm for Dependency Parsing",
  url = "https://web.stanford.edu/~mjkay/covington.pdf",
   note = "[Online; accessed 01-June-2017]"
}
@misc{SyntaxNet,
  title = "Announcing SyntaxNet: The World’s Most Accurate Parser Goes Open Source ",
  url = "https://research.googleblog.com/2016/05/announcing-syntaxnet-worlds-most.html",
   note = "[Online; accessed 01-June-2017]"
}
@misc{SnowBall,
  title = "Russian stemming algorithm",
  url = "http://snowballstem.org/algorithms/russian/stemmer.html",
   note = "[Online; accessed 01-June-2017]"
}
@misc{pymorphy,
  title = "Морфологический анализатор pymorphy2",
  url =  "http://pymorphy2.readthedocs.io/en/latest/internals/prediction.html",
   note = "[Online; accessed 01-June-2017]"
}
@misc{quepy,
  title = "quepy git",
  url =  "https://github.com/machinalis/quepy",
   note = "[Online; accessed 01-June-2017]"
}
@misc{java,
  title = "Что такое технология Java и каково ее применение",
  url =  "https://www.java.com/ru/download/faq/whatis_java.xml",
   note = "[Online; accessed 01-June-2017]"
}
@misc{pylint,
  title = "pylint",
  url =  "https://www.pylint.org/",
   note = "[Online; accessed 01-June-2017]"
}
@misc{conll,
  title = "CoNLL-U Format",
  url =  "http://universaldependencies.org/format.html",
   note = "[Online; accessed 01-June-2017]"
}
@misc{syntagrus,
  title = "Converting Russian Treebank SynTagRus
  into Praguian PDT Style",
  url =  "http://www.aclweb.org/anthology/W09-4005",
   note = "[Online; accessed 01-June-2017]"
}

@misc{malt,
  title = "MaltParser",
  url =  "http://www.maltparser.org/",
   note = "[Online; accessed 01-June-2017]"
}